<?xml version="1.0" encoding="UTF-8"?><collection xmlns="http://www.loc.gov/MARC21/slim"><record><leader>00647nam--2200217-u-4500</leader><controlfield tag="001">000053327</controlfield><controlfield tag="002">20161230</controlfield><controlfield tag="005">20161230201051</controlfield><controlfield tag="008">110314s1000------------r-----000-0-eng-d</controlfield><datafield ind1=" " ind2=" " tag="020"><subfield code="a">0387989080</subfield></datafield><datafield ind1=" " ind2=" " tag="040"><subfield code="a">IFIN-HH</subfield></datafield><datafield ind1=" " ind2=" " tag="080"><subfield code="a">512.54:517.98:510.23</subfield></datafield><datafield ind1="1" ind2=" " tag="100"><subfield code="a">Ali, Syed Twareque</subfield></datafield><datafield ind1="1" ind2="0" tag="245"><subfield code="a">Coherent states, wavelets and their generalizations</subfield><subfield code="c">Syed twareque ali; jean-pierre antoine; jean-pierre gazeau</subfield></datafield><datafield ind1=" " ind2=" " tag="260"><subfield code="a">New York</subfield><subfield code="b">Springer</subfield><subfield code="c">2000</subfield></datafield><datafield ind1=" " ind2=" " tag="300"><subfield code="a">418P</subfield></datafield><datafield ind1=" " ind2=" " tag="490"><subfield code="a">Graduate Texts In Contemporary Physics</subfield></datafield><datafield ind1=" " ind2="4" tag="650"><subfield code="a">Wavelets</subfield></datafield><datafield ind1="1" ind2=" " tag="700"><subfield code="a">Gazeau, Jean-Pierre</subfield></datafield><datafield ind1=" " ind2=" " tag="852"><subfield code="a">81749</subfield><subfield code="c">519.4/5</subfield></datafield><datafield ind1=" " ind2=" " tag="CAT"><subfield code="a">Sys</subfield><subfield code="c">20110314</subfield><subfield code="h">143208</subfield></datafield></record></collection>